@article{Kane:Band:1957,
  title={Band structure of indium antimonide},
  author={Kane, Evan O},
  journal={Journal of Physics and Chemistry of Solids},
  volume={1},
  number={4},
  pages={249--261},
  year={1957},
  publisher={Elsevier}
}

@article{Zholudev:Magnet:2012,
  title={Magnetospectroscopy of two-dimensional HgTe-based topological insulators around the critical thickness},
  author={Zholudev, M and Teppe, Frederic and Orlita, M and Consejo, Christophe and Torres, J and Dyakonova, N and Czapkiewicz, M and Wr{\'o}bel, J and Grabecki, G and Mikhailov, N and others},
  journal={Physical Review B},
  volume={86},
  number={20},
  pages={205420},
  year={2012},
  publisher={APS}
}

@online{NLopt,
    title = {The NLopt nonlinear-optimization package},
    author = {Steven G. Johnson},
    url = {http://github.com/stevengj/nlopt},
    year = {2014}
}

@article{Varavin:2003,
  title={HgCdTe epilayers on GaAs: growth and devices},
  author={Varavin, Vasily S and Vasiliev, VV and Dvoretsky, Sergey A and Mikhailov, Nikolay N and Ovsyuk, Victor N and Sidorov, Yuri G and Suslyakov, AO and Yakushev, MV and Aseev, Alexander L},
  journal={Solid State Crystals 2002: Crystalline Materials for Optoelectronics},
  volume={5136},
  pages={381--396},
  year={2003},
  organization={International Society for Optics and Photonics}
}

@article{AbakumovYassievich1997,
  title={Безызлучательная рекомбинация в полупроводниках},
  author={Абакумов, ВН and Перель, ВИ and Яссиевич, ИН},
  journal={Изд-во ПИЯФ, СПб},
  year={1997}
}

@article{AugerDiagrams,
  title={Auger recombination in GaAs from first principles},
  author={Steiauf, Daniel and Kioupakis, Emmanouil and Van de Walle, Chris G},
  journal={Acs Photonics},
  volume={1},
  number={8},
  pages={643--646},
  year={2014},
  publisher={ACS Publications}
}

@article{AkimaSplines,
  title={A new method of interpolation and smooth curve fitting based on local procedures},
  author={Akima, Hiroshi},
  journal={Journal of the ACM (JACM)},
  volume={17},
  number={4},
  pages={589--602},
  year={1970},
  publisher={ACM}
}

@article{AuglagOptim,
  title={LANCELOT: a Fortran package for large-scale nonlinear optimization (Release A)},
  author={Conn, Andrew R and Gould, GIM and Toint, Philippe L},
  volume={17},
  year={2013},
  publisher={Springer Science \& Business Media}
}

@article{SucApprAnd,
  title={Theoretical study of Auger recombination in a GaInNAs 1.3 $\mu$ m quantum well laser structure},
  author={Andreev, AD and O’Reilly, Eoin P},
  journal={Applied physics letters},
  volume={84},
  number={11},
  pages={1826--1828},
  year={2004},
  publisher={AIP}
}

@article{SucApprAgr,
  title={Long wavelength semiconductor lasers},
  author={Dutta, Niloy K},
  journal={Technical Digest., International Electron Devices Meeting},
  pages={304--306},
  year={1988},
  organization={IEEE}
}

@article{Intro1,
  title={Инфракрасная люминесценция и характеристики энергетического спектра полупроводников типа А4В6},
  author={Засавицкий, ИИ},
  journal={Труды ФИАН. Оптические и электрические свойства полупроводников},
  volume={224},
  pages={3--118},
  year={1993}
}

@article{Intro9,
  title={Band structure and laser action in Pb x Sn 1- x Te},
  author={Dimmock, JO and Melngailis, Ivars and Strauss, AJ},
  journal={Physical Review Letters},
  volume={16},
  number={26},
  pages={1193},
  year={1966},
  publisher={APS}
}

@article{Intro7,
  title={Terahertz Physics, Devices, and Systems IX: Advanced Applications in Industry and Defense},
  author={Anwar, Mehdi F and Crowe, Thomas W and Manzur, Tariq},
  journal={Proc. of SPIE Vol},
  volume={9483},
  pages={948301--1},
  year={2015}
}


@article{Intro8,
  title={Terahertz Injection Lasers Based on a PbSnSe Solid Solution with an Emission Wavelength up to 50 $\mu$m and Their Application in the Magnetospectroscopy of Semiconductors},
  author={Maremyanin, KV and Ikonnikov, AV and Bovkun, LS and Rumyantsev, VV and Chizhevskii, EG and Zasavitskii, II and Gavrilenko, VI},
  journal={Semiconductors},
  volume={52},
  number={12},
  pages={1590--1594},
  year={2018},
  publisher={Springer}
}

@article{HgCdTeCalcZholudev,
    title = {Терагерцовая спектроскопия квантовых ям $Hg_{1−x} Cd_x Te$/$Cd_y Hg_{1−y} Te$},
    author = {М.С. Жолудев},
    year = {2013},
    publisher = {IPM RAS}
}

@article{Novik:2005,
   hyphenation = {english},
   author = {Novik, E. G. and Pfeuffer-Jeschke, A. and Jungwirth, T. and 
Latussek, V. and Becker, C. R. and Landwehr, G. and Buhmann, H. and 
Molenkamp, L. W.},
   heading = {Novik, E. G.},
   volume = {72},
   journal = {Phys. Rev. B},
   month = {Jul},
   numpages = {12},
   title = {Band structure of semimagnetic Hg$_{1-y}$Mn$_y$Te quantum 
wells},
   year = {2005},
   url = {http://link.aps.org/doi/10.1103/PhysRevB.72.035321},
   doi = {10.1103/PhysRevB.72.035321},
   issue = {3},
   publisher = {American Physical Society},
   pages = {035321},
   keywords = {autoref}
}

@article{Zholudev:PRB:2012,
   hyphenation={english},
   title = {Magnetospectroscopy of two-dimensional HgTe-based 
topological insulators around the critical thickness},
   author = {Zholudev, M. and Teppe, F. and Orlita, M. and Consejo, C. 
and Torres, J. and Dyakonova, N. and Czapkiewicz, M. and Wr\'obel, J. 
and Grabecki, G. and Mikhailov, N. and Dvoretskii, S. and Ikonnikov, A. 
and Spirin, K. and Aleshkin, V. and Gavrilenko, V. and Knap, W.},
   heading = {Zholudev, M.},
   journal = {Phys. Rev. B},
   volume = {86},
   issue = {20},
   pages = {205420},
   numpages = {9},
   year = {2012},
   month = {Nov},
   doi = {10.1103/PhysRevB.86.205420},
   url = {http://link.aps.org/doi/10.1103/PhysRevB.86.205420},
   publisher = {American Physical Society},
   keywords={own, autoref}
}

@article{Rumyantsev:PTS:2018,
   title = {Влияние особенностей зонного спектра на характеристики стимулированного излучения в узкозонных гетероструктурах с квантовыми ямами на основе HgCdTe},
   author = {Румянцев, В.В. and Куликов, Н.С. and Кадыков, А.М. and Фадеев and М.А., Иконников, А.В. and Казаков, А.С. and Жолудев, М.С. and Алешкин, В.Я. and Уточкин, В.В. and Михайлов, Н.Н. and Дворецкий, С.А. and Морозов, С.В. and Гавриленко, В.И.},
   heading = {Румянцев, В.В.},
   journal = {Физика и техника полупроводников},
   volume = {52},
   issue = {20},
   pages = {1263},
   year = {2018},
   keywords={own, autoref}
}

@article{Dierckx,
  title={Curve and surface fitting with splines},
  author={Dierckx, Paul},
  year={1995},
  publisher={Oxford University Press}
}

@article{Rumyantsev:IOP:2018,
  title={HgCdTe based quantum well heterostructures for long-wavelength lasers operating in 5-15 THz range},
  author={Rumyantsev, VV and Kulikov, NS and Kadykov, AM and Zholudev, MS and Fadeev, MA and Aleshkin, V Ya and Winnerl, S and Mikhailov, NN and Dvoretskii, SA and Gavrilenko, VI and others},
  journal={Journal of Physics: Conference Series},
  volume={1092},
  number={1},
  pages={012126},
  year={2018},
  organization={IOP Publishing}
}

@article{Utochkin:PTS:2019,
  title={Исследование пороговой энергии оже-рекомбинации в волноводных структурах с квантовыми ямами HgTe/Cd0.7Hg0.3Te в области 14 мкм},
  author={Уточкин, В.В. and Алёшкин, В.Я. and Куликов, Н.С. and Дубинов, А.А. and Гавриленко, В.И. and Фадеев, М.А. and Румянцев, В.В. and Михайлов, Н.Н. and Дворецкий, С.А. and Морозов, С.В.},
  heading = {Уточкин, В.В.},
  year={2019},
  journal = {Физика и техника полупроводников}
}

@article{Kozlov:2019,
  title={Особенности фотолюминесценции двойных акцепторов в гетероструктурах HgTe/СdHgTe с квантовыми ямами в терагерцовом диапазоне},
  author={Козлов, Дмитрий Владимирович and Румянцев, В В and Куликов, Н С and Кадыков, А М and Фадеев, М А and Уточкин, В В and Михайлов, Н Н and Дворецкий, С А and Гавриленко, В И and Хьюберс, Г В and others},
  journal={Письма в Журнал экспериментальной и теоретической физики},
  volume={109},
  number={10},
  pages={679--684},
  year={2019},
  publisher={Российская академия наук, Отделение физических наук}
}

@article{Alymov:2018,
  title = {Auger recombination in Dirac materials: A tangle of many-body effects},
  author = {Alymov, Georgy and Vyurkov, Vladimir and Ryzhii, Victor and Satou, Akira and Svintsov, Dmitry},
  journal = {Phys. Rev. B},
  volume = {97},
  issue = {20},
  pages = {205411},
  numpages = {13},
  year = {2018},
  month = {May},
  publisher = {American Physical Society},
  doi = {10.1103/PhysRevB.97.205411},
  url = {https://link.aps.org/doi/10.1103/PhysRevB.97.205411}
}

@article{Vasko:2006,
  title={Quantum Kinetic Theory and Applications: Electrons, Photons, Phonons},
  author={Vasko, Fedir T and Raichev, Oleg E},
  year={2006},
  publisher={Springer Science \& Business Media}
}

@article{Asryan:IOP:2005,
  title={Spontaneous radiative recombination and nonradiative Auger recombination in quantum-confined heterostructures},
  author={Asryan, Levon V},
  journal={Quantum Electronics},
  volume={35},
  number={12},
  pages={1117},
  year={2005},
  publisher={IOP Publishing}
}

@article{Rumyantsev:2019,
  title={Carrier Recombination, Long-Wavelength Photoluminescence, and Stimulated Emission in HgCdTe Quantum Well Heterostructures},
  author={Rumyantsev, Vladimir and Fadeev, Mikhail and Aleshkin, Vladimir and Kulikov, Nikita and Utochkin, Vladimir and Mikhailov, Nikolai and Dvoretskii, Sergey and Pavlov, Sergey and H{\"u}bers, Heinz-Wilhelm and Gavrilenko, Vladimir and others},
  journal={Physica status solidi (b)},
  pages={1800546},
  year={2019},
  publisher={Wiley Online Library}
}

@article{Landau:Upr:1965,
  title={Теория упругости},
  author={Ландау, Лев Давидович and Лифшиц, Евгений Михайлович},
  year={1965},
  publisher={Nauka}
}

@article{Aquis:Tensor:2011,
  title={Тензорное исчисление},
  author={Акивис, Макс Айзикович and Гольдберг, Владислав Викторович},
  year={2011},
  publisher={Физматлит}
}

@article{MinkovValence2017,
  title={Valence band energy spectrum of HgTe quantum wells with an inverted band structure},
  author={Minkov, GM and Aleshkin, V Ya and Rut, OE and Sherstobitov, AA and Germanenko, AV and Dvoretski, SA and Mikhailov, NN},
  journal={Physical Review B},
  volume={96},
  number={3},
  pages={035310},
  year={2017},
  publisher={APS}
}

@article{MineNanophysics2020,
  title={Расчёт порога оже-рекомбинации в узкозонных гетероструктурах на основе HgCdTe},
  author={Kulikov, NS and Zoludev, MS and Utochkin, VV and Rumyantsev, VV and Morozov, SV},
  journal={Материалы XXIV Международного симпозиума \"Нанофизика и наноэлектроника\"},
  volume={2},
  pages={639},
  year={2020},
  publisher={Издательство Нижегородского госуниверситета им. Н.И. Лобачевского}
}

@book{palik1998handbook,
  title={Handbook of optical constants of solids},
  author={Palik, Edward D},
  volume={3},
  year={1998},
  publisher={Academic press}
}

@article{kapralov2019feasibility,
  title={Feasibility of surface plasmon lasing in HgTe quantum wells with population inversion},
  author={Kapralov, Kirill and Alymov, Georgy and Svintsov, Dmitry and Dubinov, Aleksander},
  journal={Journal of Physics: Condensed Matter},
  volume={32},
  number={6},
  pages={065301},
  year={2019},
  publisher={IOP Publishing}
}

@article{bergman2003surface,
  title={Surface plasmon amplification by stimulated emission of radiation: quantum generation of coherent surface plasmons in nanosystems},
  author={Bergman, David J and Stockman, Mark I},
  journal={Physical review letters},
  volume={90},
  number={2},
  pages={027402},
  year={2003},
  publisher={APS}
}

@article{berini2012surface,
  title={Surface plasmon--polariton amplifiers and lasers},
  author={Berini, Pierre and De Leon, Israel},
  journal={Nature photonics},
  volume={6},
  number={1},
  pages={16--24},
  year={2012},
  publisher={Nature Publishing Group}
}

@article{oulton2009plasmon,
  title={Plasmon lasers at deep subwavelength scale},
  author={Oulton, Rupert F and Sorger, Volker J and Zentgraf, Thomas and Ma, Ren-Min and Gladden, Christopher and Dai, Lun and Bartal, Guy and Zhang, Xiang},
  journal={Nature},
  volume={461},
  number={7264},
  pages={629--632},
  year={2009},
  publisher={Nature Publishing Group}
}

@article{khurgin2012practicality,
  title={Practicality of compensating the loss in the plasmonic waveguides using semiconductor gain medium},
  author={Khurgin, Jacob B and Sun, Greg},
  journal={Applied Physics Letters},
  volume={100},
  number={1},
  pages={011105},
  year={2012},
  publisher={American Institute of Physics}
}

@article{stern1967polarizability,
  title={Polarizability of a two-dimensional electron gas},
  author={Stern, Frank},
  journal={Physical Review Letters},
  volume={18},
  number={14},
  pages={546},
  year={1967},
  publisher={APS}
}

@article{bernevig2006quantum,
  title={Quantum spin Hall effect and topological phase transition in HgTe quantum wells},
  author={Bernevig, B Andrei and Hughes, Taylor L and Zhang, Shou-Cheng},
  journal={science},
  volume={314},
  number={5806},
  pages={1757--1761},
  year={2006},
  publisher={American Association for the Advancement of Science}
}
